@article{wang2016exploration,
  title={Exploration of Quantum Interference in Document Relevance Judgement Discrepancy},
  author={Wang, Benyou and Zhang, Peng and Li, Jingfei and Song, Dawei and Hou, Yuexian and Shang, Zhenguo},
  journal={Entropy},
  volume={18},
  number={4},
  pages={144},
  year={2016},
  publisher={Multidisciplinary Digital Publishing Institute}
}